%
%  An example of a bibliographical database for bibTeX
%
%  Recommended software for maintenance of *.bib files:
%    JabRef, http://jabref.sourceforge.net/
%
%  BEWARE:
%
%    *  If a name contains a capital letter, which must be kept such,
%       use curly brackets ({T}hailand, {HIV}).
%
%  ===========================================================================

% https://doi.org/10.1145/3397499
% https://dl.acm.org/doi/abs/10.1145/3397499
% https://arxiv.org/abs/1908.03608
% issn = {0360-0300},
% publisher = {Association for Computing Machinery},
@article{CalvoZaragozaHajic,
  author = {Jorge Calvo-Zaragoza and Jan Hajič jr. and Alexander Pacha},
  title = {Understanding Optical Music Recognition},
  journal = {{ACM} Computing Surveys},
  year = {2020},
  doi = {10.1145/3397499},
}

% http://www.jpuigcerver.net/pubs/jpuigcerver_icdar2017.pdf
% https://ieeexplore.ieee.org/document/8269951
% https://doi.org/10.1109/ICDAR.2017.20
% issn = {2379-2140},
@inproceedings{Puigcerver,
  author = {Joan Puigcerver},
  title = {Are Multidimensional Recurrent Layers Really Necessary for Handwritten Text Recognition?},
  booktitle = {2017 14th IAPR International Conference on Document Analysis and Recognition ({ICDAR})},
  year = {2017},
  doi = {10.1109/ICDAR.2017.20},
}

% https://repositum.tuwien.ac.at/obvutwhs/content/titleinfo/2874742
@mastersthesis{Scheidl,
  author = {Harald Scheidl},
  title = {Handwritten text recognition in historical documents},
  school = {Vienna University of Technology},
  year = {2018},
}

% https://doi.org/10.3390/app8040606
% issn = {2076-3417},
% publisher = {{MDPI} {AG}},
@article{Primus,
  author = {Jorge Calvo-Zaragoza and David Rizo},
  title = {End-to-End Neural Optical Music Recognition of Monophonic Scores},
  journal = {Applied Sciences},
  year = {2018},
  doi = {10.3390/app8040606},
}

% https://apacha.github.io/OMR-Datasets/
@online{Pacha,
  author = "Alexander Pacha",
  title = "Collection of datasets used for Optical Music Recognition",
  url = "https://apacha.github.io/OMR-Datasets/",
  urldate = "2020-05-28"
}

% https://doi.org/10.1007/s10032-011-0168-2
@article{CvcMuscima,
  author = {Alicia Fornés and Anjan Dutta and Albert Gordo and Josep Lladós},
  title = {{CVC-MUSCIMA}: A ground truth of handwritten music score images for writer identification and staff removal},
  journal = {International Journal on Document Analysis and Recognition ({IJDAR})},
  year = {2011},
  volume = {15},
  doi = {10.1007/s10032-011-0168-2},
}

% https://arxiv.org/abs/1703.04824
% https://ufal.mff.cuni.cz/muscima
% https://doi.org/10.1109/ICDAR.2017.16
@inproceedings{MuscimaPP,
  author = {Jan {Hajič jr.} and Pavel Pecina},
  title = {In Search of a Dataset for Handwritten Optical Music Recognition: Introducing {MUSCIMA++}},
  booktitle = {14th International Conference on Document Analysis and Recognition ({ICDAR})},
  year = {2017},
  doi = {10.1109/ICDAR.2017.16}
}

% https://doi.org/10.1145/1143844.1143891
@inproceedings{CTC,
  author = {Alex Graves and Santiago Fern{\'{a}}ndez and Faustino Gomez and J\"{u}rgen Schmidhuber},
  title = {Connectionist temporal classification},
  booktitle = {Proceedings of the 23rd international conference on Machine learning ({ICML})},
  year = {2006},
  doi = {10.1145/1143844.1143891},
}

% https://doi.org/10.1109/icassp.2016.7472696
@inproceedings{CtcBeamSearch,
  author = {Kyuyeon Hwang and Wonyong Sung},
  title = {Character-level incremental speech recognition with recurrent neural networks},
  booktitle = {2016 {IEEE} International Conference on Acoustics, Speech and Signal Processing ({ICASSP})},
  year = {2016},
  doi = {10.1109/icassp.2016.7472696},
}

% http://www.sciencedirect.com/science/article/pii/S0167865518303386
% issn = "0167-8655",
@article{HmrBaseline,
  author = {Arnau Baró and Pau Riba and Jorge Calvo-Zaragoza and Alicia Fornés},
  title = {From Optical Music Recognition to Handwritten Music Recognition: A baseline},
  journal = {Pattern Recognition Letters},
  year = {2019},
  volume = {123},
  doi = {10.1016/j.patrec.2019.02.029},
}

% https://doi.org/10.1016/j.imavis.2004.02.006
% publisher = {Elsevier {BV}},
@article{MSER,
  author = {Jiří Matas and Ondřej Chum and Martin Urban and Tomáš Pajdla},
  title = {Robust wide-baseline stereo from maximally stable extremal regions},
  journal = {Image and Vision Computing},
  year = {2004},
  volume = {22},
  doi = {10.1016/j.imavis.2004.02.006},
}

% http://www.freepatentsonline.com/3069654.html
@patent{Hough,
  author = {Paul Hough},
  title = {Method and means for recognizing complex patterns},
  number = {3069654},
  year = {1962},
  url = "http://www.freepatentsonline.com/3069654.html"
}

% https://doi.org/10.1109/tassp.1979.1163188
% publisher = {Institute of Electrical and Electronics Engineers ({IEEE})},
@article{MedianFiltering,
  author = {Thomas Huang and G. Yang and G. Tang},
  title = {A fast two-dimensional median filtering algorithm},
  journal = {{IEEE} Transactions on Acoustics, Speech, and Signal Processing},
  year = {1979},
  volume = {27},
  doi = {10.1109/tassp.1979.1163188},
}

% https://doi.org/10.1007/s00138-017-0844-4
% publisher = {Springer Science and Business Media {LLC}},
@article{CalvoZaragoza2017,
  author = {Jorge Calvo-Zaragoza and Antonio Pertusa and Jose Oncina},
  title = {Staff-line detection and removal using a convolutional neural network},
  journal = {Machine Vision and Applications},
  year = {2017},
  volume = {28},
  doi = {10.1007/s00138-017-0844-4},
}

% https://doi.org/10.1109/icissec.2016.7885856
% publisher = {{IEEE}},
@inproceedings{Lee2016,
  author = {Sangkuk Lee and Sung Joon Son and Jiyong Oh and Nojun Kwak},
  title = {Handwritten Music Symbol Classification Using Deep Convolutional Neural Networks},
  booktitle = {2016 International Conference on Information Science and Security ({ICISS})},
  year = {2016},
  doi = {10.1109/icissec.2016.7885856},
}

% https://doi.org/10.1109/das.2018.51
% publisher = {{IEEE}},
@inproceedings{Pacha2018,
  author = {Alexander Pacha and Kwon-Young Choi and Bertrand Couasnon and Yann Ricquebourg and Richard Zanibbi and Horst Eidenberger},
  title = {Handwritten Music Object Detection: Open Issues and Baseline Results},
  booktitle = {2018 13th {IAPR} International Workshop on Document Analysis Systems ({DAS})},
  year = {2018},
  doi = {10.1109/das.2018.51},
}

% http://www.deeplearningbook.org
@book{Goodfellow-et-al-2016,
  author={Ian Goodfellow and Yoshua Bengio and Aaron Courville},
  title={Deep Learning},
  publisher={MIT Press},
  year={2016},
  note={\url{http://www.deeplearningbook.org}},
}

% https://www.researchgate.net/publication/269935079_Adam_A_Method_for_Stochastic_Optimization
@article{AdamOptimizer,
  author = {Diederik Kingma and Jimmy Ba},
  title = {Adam: A Method for Stochastic Optimization},
  journal = {International Conference on Learning Representations},
  year = {2014},
}

% https://www.researchgate.net/publication/243781690_Untersuchungen_zu_dynamischen_neuronalen_Netzen
% http://www.bioinf.jku.at/publications/older/3804.pdf
% https://en.wikipedia.org/wiki/Sepp_Hochreiter
@mastersthesis{VanishingGradient,
  author = {Sepp Hochreiter},
  title = {Untersuchungen zu dynamischen neuronalen Netzen},
  school = {Technical University Munich, Institute of Computer Science},
  year = {1991},
}

% https://www.epistemio.com/p/yh3ti1TC
@inproceedings{Maas2013RectifierNI,
  author={Andrew L. Maas and Awni Y Hannun and Andrew Y Ng},
  title={Rectifier Nonlinearities Improve Neural Network Acoustic Models},
  booktitle = {International Conference on Machine Learning ({ICML})},
  year={2013},
}

% https://doi.org/10.1162/neco.1997.9.8.1735
% publisher = {{MIT} Press - Journals},
@article{LSTM,
  author = {Sepp Hochreiter and J\"{u}rgen Schmidhuber},
  title = {Long Short-Term Memory},
  journal = {Neural Computation},
  year = {1997},
  volume = {9},
  doi = {10.1162/neco.1997.9.8.1735},
}

% https://arxiv.org/abs/1406.1078
@inproceedings{GRU,
  author = {Kyunghyun Cho and Bart van Merrienboer and Caglar Gulcehre and Dzmitry Bahdanau and Fethi Bougares and Holger Schwenk and Yoshua Bengio},
  title = {Learning Phrase Representations using RNN Encoder-Decoder for Statistical Machine Translation},
  booktitle = {Conference on Empirical Methods in Natural Language Processing ({EMNLP})},
  year = {2014},
}

% https://www.bibsonomy.org/bibtex/288f036f317fac1e1e36f9caecfc80943/bsmyth
@article{Levenshtein,
  author = {Vladimir Levenshtein},
  title = {Binary codes capable of correcting spurious insertions and deletions of ones},
  journal = {Problems of Information Transmission},
  year = {1965},
}
